
@misc{numc,
	title={Numerical Recipes in C: The Art of Scientific Computing},
	author={Press, William H and Teukolsky, Saul A and Vetterling, William T and Flannery, Brian P},
	year={1992},
	publisher={Cambridge Univ. Press}
}

@book{biss,
	title={Parallel scientific computation},
	author={Bisseling, Rob H},
	year={2004},
	publisher={Oxford University Press Oxford}
}